%YAML 1.1
%TAG !u! tag:unity3d.com,2011:
--- !u!50 &7580828283996966885
Rigidbody2D:
  serializedVersion: 4
  m_ObjectHideFlags: 0
  m_CorrespondingSourceObject: {fileID: 0}
  m_PrefabInstance: {fileID: 0}
  m_PrefabAsset: {fileID: 0}
  m_GameObject: {fileID: 6189900097452853307}
  m_BodyType: 0
  m_Simulated: 1
  m_UseFullKinematicContacts: 0
  m_UseAutoMass: 0
  m_Mass: 100
  m_LinearDrag: 0
  m_AngularDrag: 0.05
  m_GravityScale: 2
  m_Material: {fileID: 0}
  m_Interpolate: 0
  m_SleepingMode: 2
  m_CollisionDetection: 0
  m_Constraints: 0
--- !u!1 &7580828283810004610
GameObject:
  m_ObjectHideFlags: 0
  m_CorrespondingSourceObject: {fileID: 0}
  m_PrefabInstance: {fileID: 0}
  m_PrefabAsset: {fileID: 0}
  serializedVersion: 6
  m_Component:
  - component: {fileID: 7580828283810004609}
  m_Layer: 0
  m_Name: MC_Cage
  m_TagString: gravity
  m_Icon: {fileID: 0}
  m_NavMeshLayer: 0
  m_StaticEditorFlags: 0
  m_IsActive: 1
--- !u!4 &7580828283810004609
Transform:
  m_ObjectHideFlags: 0
  m_CorrespondingSourceObject: {fileID: 0}
  m_PrefabInstance: {fileID: 0}
  m_PrefabAsset: {fileID: 0}
  m_GameObject: {fileID: 7580828283810004610}
  m_LocalRotation: {x: 0, y: 0, z: 0, w: 1}
  m_LocalPosition: {x: 69.65, y: 7, z: -246.62982}
  m_LocalScale: {x: 1, y: 1, z: 1}
  m_Children:
  - {fileID: 7580828284883944106}
  - {fileID: 7580828284529856024}
  - {fileID: 7580828284245162519}
  - {fileID: 6189900097452853308}
  m_Father: {fileID: 0}
  m_RootOrder: 0
  m_LocalEulerAnglesHint: {x: 0, y: 0, z: 0}
--- !u!1 &7580828284245162512
GameObject:
  m_ObjectHideFlags: 0
  m_CorrespondingSourceObject: {fileID: 0}
  m_PrefabInstance: {fileID: 0}
  m_PrefabAsset: {fileID: 0}
  serializedVersion: 6
  m_Component:
  - component: {fileID: 7580828284245162519}
  m_Layer: 0
  m_Name: death_spawn
  m_TagString: Death_Spawn_2
  m_Icon: {fileID: 0}
  m_NavMeshLayer: 0
  m_StaticEditorFlags: 0
  m_IsActive: 1
--- !u!4 &7580828284245162519
Transform:
  m_ObjectHideFlags: 0
  m_CorrespondingSourceObject: {fileID: 0}
  m_PrefabInstance: {fileID: 0}
  m_PrefabAsset: {fileID: 0}
  m_GameObject: {fileID: 7580828284245162512}
  m_LocalRotation: {x: -0, y: -0, z: -0, w: 1}
  m_LocalPosition: {x: 5.71, y: -8.44, z: 0}
  m_LocalScale: {x: 1, y: 1, z: 1}
  m_Children: []
  m_Father: {fileID: 7580828283810004609}
  m_RootOrder: 2
  m_LocalEulerAnglesHint: {x: 0, y: 0, z: 0}
--- !u!1 &7580828284529856025
GameObject:
  m_ObjectHideFlags: 0
  m_CorrespondingSourceObject: {fileID: 0}
  m_PrefabInstance: {fileID: 0}
  m_PrefabAsset: {fileID: 0}
  serializedVersion: 6
  m_Component:
  - component: {fileID: 7580828284529856024}
  - component: {fileID: 7580828284529856031}
  m_Layer: 0
  m_Name: press_1
  m_TagString: Untagged
  m_Icon: {fileID: 0}
  m_NavMeshLayer: 0
  m_StaticEditorFlags: 0
  m_IsActive: 1
--- !u!4 &7580828284529856024
Transform:
  m_ObjectHideFlags: 0
  m_CorrespondingSourceObject: {fileID: 0}
  m_PrefabInstance: {fileID: 0}
  m_PrefabAsset: {fileID: 0}
  m_GameObject: {fileID: 7580828284529856025}
  m_LocalRotation: {x: -0, y: -0, z: -0, w: 1}
  m_LocalPosition: {x: 2.66, y: 1.63, z: 246.62982}
  m_LocalScale: {x: 1, y: 1, z: 1}
  m_Children: []
  m_Father: {fileID: 7580828283810004609}
  m_RootOrder: 1
  m_LocalEulerAnglesHint: {x: 0, y: 0, z: 0}
--- !u!212 &7580828284529856031
SpriteRenderer:
  m_ObjectHideFlags: 0
  m_CorrespondingSourceObject: {fileID: 0}
  m_PrefabInstance: {fileID: 0}
  m_PrefabAsset: {fileID: 0}
  m_GameObject: {fileID: 7580828284529856025}
  m_Enabled: 1
  m_CastShadows: 0
  m_ReceiveShadows: 0
  m_DynamicOccludee: 1
  m_MotionVectors: 1
  m_LightProbeUsage: 1
  m_ReflectionProbeUsage: 1
  m_RayTracingMode: 0
  m_RayTraceProcedural: 0
  m_RenderingLayerMask: 1
  m_RendererPriority: 0
  m_Materials:
  - {fileID: 10754, guid: 0000000000000000f000000000000000, type: 0}
  m_StaticBatchInfo:
    firstSubMesh: 0
    subMeshCount: 0
  m_StaticBatchRoot: {fileID: 0}
  m_ProbeAnchor: {fileID: 0}
  m_LightProbeVolumeOverride: {fileID: 0}
  m_ScaleInLightmap: 1
  m_ReceiveGI: 1
  m_PreserveUVs: 0
  m_IgnoreNormalsForChartDetection: 0
  m_ImportantGI: 0
  m_StitchLightmapSeams: 1
  m_SelectedEditorRenderState: 0
  m_MinimumChartSize: 4
  m_AutoUVMaxDistance: 0.5
  m_AutoUVMaxAngle: 89
  m_LightmapParameters: {fileID: 0}
  m_SortingLayerID: 0
  m_SortingLayer: 0
  m_SortingOrder: 0
  m_Sprite: {fileID: 21300000, guid: d7cc19ca6542e154295386b582ca0c83, type: 3}
  m_Color: {r: 1, g: 1, b: 1, a: 1}
  m_FlipX: 0
  m_FlipY: 0
  m_DrawMode: 0
  m_Size: {x: 2, y: 2}
  m_AdaptiveModeThreshold: 0.5
  m_SpriteTileMode: 0
  m_WasSpriteAssigned: 1
  m_MaskInteraction: 0
  m_SpriteSortPoint: 0
--- !u!1 &7580828284883944107
GameObject:
  m_ObjectHideFlags: 0
  m_CorrespondingSourceObject: {fileID: 0}
  m_PrefabInstance: {fileID: 0}
  m_PrefabAsset: {fileID: 0}
  serializedVersion: 6
  m_Component:
  - component: {fileID: 7580828284883944106}
  m_Layer: 0
  m_Name: gravity
  m_TagString: gravity
  m_Icon: {fileID: 0}
  m_NavMeshLayer: 0
  m_StaticEditorFlags: 0
  m_IsActive: 1
--- !u!4 &7580828284883944106
Transform:
  m_ObjectHideFlags: 0
  m_CorrespondingSourceObject: {fileID: 0}
  m_PrefabInstance: {fileID: 0}
  m_PrefabAsset: {fileID: 0}
  m_GameObject: {fileID: 7580828284883944107}
  m_LocalRotation: {x: 0, y: 0, z: 0, w: 1}
  m_LocalPosition: {x: 0, y: 0, z: 0}
  m_LocalScale: {x: 1, y: 1, z: 1}
  m_Children: []
  m_Father: {fileID: 7580828283810004609}
  m_RootOrder: 0
  m_LocalEulerAnglesHint: {x: 0, y: 0, z: 0}
--- !u!1001 &7580828282910789959
PrefabInstance:
  m_ObjectHideFlags: 0
  serializedVersion: 2
  m_Modification:
    m_TransformParent: {fileID: 7580828283810004609}
    m_Modifications:
    - target: {fileID: 4382691278747638135, guid: c4f79aa31b89f6f4e8ac8fff00342e69, type: 3}
      propertyPath: m_Sprite
      value: 
      objectReference: {fileID: 21300000, guid: f7a65f784b13d7c4b82c0ee5ad9e56f3, type: 3}
    - target: {fileID: 4382691278747638139, guid: c4f79aa31b89f6f4e8ac8fff00342e69, type: 3}
      propertyPath: m_LocalPosition.x
      value: 2.7178574
      objectReference: {fileID: 0}
    - target: {fileID: 4382691278747638139, guid: c4f79aa31b89f6f4e8ac8fff00342e69, type: 3}
      propertyPath: m_LocalPosition.y
      value: -1.1896334
      objectReference: {fileID: 0}
    - target: {fileID: 4382691278747638139, guid: c4f79aa31b89f6f4e8ac8fff00342e69, type: 3}
      propertyPath: m_LocalPosition.z
      value: 246.62982
      objectReference: {fileID: 0}
    - target: {fileID: 4382691278747638139, guid: c4f79aa31b89f6f4e8ac8fff00342e69, type: 3}
      propertyPath: m_LocalRotation.x
      value: -0
      objectReference: {fileID: 0}
    - target: {fileID: 4382691278747638139, guid: c4f79aa31b89f6f4e8ac8fff00342e69, type: 3}
      propertyPath: m_LocalRotation.y
      value: -0
      objectReference: {fileID: 0}
    - target: {fileID: 4382691278747638139, guid: c4f79aa31b89f6f4e8ac8fff00342e69, type: 3}
      propertyPath: m_LocalRotation.z
      value: -0
      objectReference: {fileID: 0}
    - target: {fileID: 4382691278747638139, guid: c4f79aa31b89f6f4e8ac8fff00342e69, type: 3}
      propertyPath: m_LocalRotation.w
      value: 1
      objectReference: {fileID: 0}
    - target: {fileID: 4382691278747638139, guid: c4f79aa31b89f6f4e8ac8fff00342e69, type: 3}
      propertyPath: m_RootOrder
      value: 3
      objectReference: {fileID: 0}
    - target: {fileID: 4382691278747638139, guid: c4f79aa31b89f6f4e8ac8fff00342e69, type: 3}
      propertyPath: m_LocalEulerAnglesHint.x
      value: 0
      objectReference: {fileID: 0}
    - target: {fileID: 4382691278747638139, guid: c4f79aa31b89f6f4e8ac8fff00342e69, type: 3}
      propertyPath: m_LocalEulerAnglesHint.y
      value: 0
      objectReference: {fileID: 0}
    - target: {fileID: 4382691278747638139, guid: c4f79aa31b89f6f4e8ac8fff00342e69, type: 3}
      propertyPath: m_LocalEulerAnglesHint.z
      value: 0
      objectReference: {fileID: 0}
    - target: {fileID: 4382691278747638140, guid: c4f79aa31b89f6f4e8ac8fff00342e69, type: 3}
      propertyPath: m_Name
      value: cage_1
      objectReference: {fileID: 0}
    - target: {fileID: 4382691278747638140, guid: c4f79aa31b89f6f4e8ac8fff00342e69, type: 3}
      propertyPath: m_TagString
      value: lever_2
      objectReference: {fileID: 0}
    m_RemovedComponents: []
  m_SourcePrefab: {fileID: 100100000, guid: c4f79aa31b89f6f4e8ac8fff00342e69, type: 3}
--- !u!1 &6189900097452853307 stripped
GameObject:
  m_CorrespondingSourceObject: {fileID: 4382691278747638140, guid: c4f79aa31b89f6f4e8ac8fff00342e69, type: 3}
  m_PrefabInstance: {fileID: 7580828282910789959}
  m_PrefabAsset: {fileID: 0}
--- !u!4 &6189900097452853308 stripped
Transform:
  m_CorrespondingSourceObject: {fileID: 4382691278747638139, guid: c4f79aa31b89f6f4e8ac8fff00342e69, type: 3}
  m_PrefabInstance: {fileID: 7580828282910789959}
  m_PrefabAsset: {fileID: 0}
